1393 2073
327 37 770 125 Hieroglypbica.
941 59 966 100 1
979 62 1015 113 7

73 139 164 179 zut
180 122 607 193 praestantiam‚aut
622 123 1016 192 sanguinem,aut

75 195 605 264 vistoriaeaccipitrem
615 196 837 264 pingunt.
842 201 1015 249 Deum

71 267 284 337 quidem
296 283 408 318 tum
425 267 556 336 quod
571 267 870 320 foecundum
884 267 938 318 fit
954 286 1012 320 ac

72 340 315 392 diumrnae
327 339 447 395 vitae
457 339 554 391 hoc
580 340 839 399 anima-Ltfi
855 339 1011 391 etiam

72 411 208 481 ‘qubd
221 409 346 463 Solis
372 428 550 479 praeter
565 427 762 463 caeteras
777 411 1009 462 volucres

72 483 397 535 fimulacrum
428 481 519 534 esse
550 482 775 534 videatur
788 519 803 542 ‚
833 497 1010 550 vtpote

72 556 315 623 peculiari
343 553 560 624 quadam
578 570 724 624 atque
741 554 936 606 occulta
950 571 1011 605 na

72 642 192 679 turae
207 627 277 687 vi,
293 626 468 678 defixis
481 627 534 677 in
546 626 652 678 eius
667 625 831 677 r'adios
845 626 1008 677 oculis

70 699 265 751 intuens
279 739 291 750 .
330 706 487 767 Atque
502 697 618 749 hinc
633 697 730 756 est,
749 696 882 766 quod
899 713 1009 748 me·

69 771 173 822 dici
190 770 251 822 ad
266 769 443 826 sanzida
455 770 723 821 oculorum
736 770 858 820 vitia
871 806 887 828 ,
902 767 1009 819 hie-

68 857 221 893 taceo
247 841 400 894 herba
436 856 665 893 Vtuntur.
707 841 826 892 Inde
853 841 1010 892 etiam

0 957 2 964 .
71 912 144 971 fit,
161 927 217 964 vt
229 910 389 966 solem
402 911 918 983 interdum,tanquam
933 912 1010 962 vi-

0 1018 3 1043 ,·
70 982 149 1035 sus
162 998 396 1036 autorem
427 1001 487 1036 ac
501 983 803 1043 dominum,
822 983 1008 1050 accipi-

0 1100 4 1107 .
70 1055 161 1112 tris
187 1053 353 1106 forma
368 1055 598 1123 pingant.
640 1055 1008 1107 sublimitatem

0 1164 3 1180 .
63 1143 102 1178 ‘v
107 1144 209 1186 erc,
225 1128 339 1196 quia
348 1143 471 1199 cum
494 1143 666 1178 caetera
683 1127 888 1196 quidem
905 1127 1009 1177 ani·

66 1199 271 1258 mantia,
285 1195 482 1267 quoties
500 1198 551 1249 in
560 1196 781 1250 sublim-e
795 1199 947 1250 tolli
917 1217 947 1249 v
951 1216 1008 1252 ο·

67 1271 191 1330 lunt,
209 1270 410 1338 oblique
429 1269 529 1321 fer'
508 1286 632 1329 atur,
650 1288 739 1322 nec
758 1271 891 1322 τεξὶᾶ
905 1268 1008 1321 sur-

62 1339 177 1396 sum
204 1341 348 1393 euehi
375 1341 551 1410 poffint
568 1379 585 1401 ,
612 1340 742 1393 solus
771 1341 1009 1410 accipiter

94 1413 200 1464 etsta
212 1415 262 1463 in
276 1414 436 1475 altum
452 1415 589 1465 volat
602 1453 614 1465 .
646 1415 1006 1466 Humilitatem

64 1500 216 1552 porro
229 1482 311 1536 seu
334 1484 645 1544 deieffione,
664 1486 797 1554 quod
827 1486 1009 1538 eadem

67 1556 257 1608 ratione
272 1564 457 1609 caeterae
473 1559 749 1609 animantes
763 1576 860 1609 non
878 1602 883 1607 .
891 1574 1006 1625 per*

100 1627 313 1679 endiculi
330 1628 513 1688 modo,
532 1627 615 1680 sed
630 1630 766 1681 velut
781 1647 841 1681 ex
856 1627 1008 1680 trans-

129 1697 204 1750 rso
223 1704 276 1752 δε
295 1698 506 1754 flexuose
523 1699 757 1753 deorsum
785 1700 975 1753 feratur
988 1737 1006 1760 ,

117 1771 198 1825 lus
208 1772 445 1848 accipiter
456 1772 649 1833 direfiko
671 1772 740 1827 ad
768 1772 1007 1827 inferiora

145 1876 150 1881 ·
542 1874 545 1875 ⁷
572 1849 611 1899 B
794 1845 935 1921 yiam
